@ARTICLE {bootstrap,	
        AUTHOR={B. Efron},
        YEAR={1979},
        TITLE={Bootstrap Methods: Another Look at the Jackknife},
        JOURNAL={Annals of Statistics},
        VOLUME={7},
        PAGES={1--26}  }

@misc {dummyentry,
      title = {My title},
      author = {Emma Fuckin Tosch},
      year = 1066
}
      